%YAML 1.1
%TAG !u! tag:unity3d.com,2011:
--- !u!1 &7774328759973359431
GameObject:
  m_ObjectHideFlags: 0
  m_CorrespondingSourceObject: {fileID: 0}
  m_PrefabInstance: {fileID: 0}
  m_PrefabAsset: {fileID: 0}
  serializedVersion: 6
  m_Component:
  - component: {fileID: 8947089736074568630}
  - component: {fileID: 6946110359101193037}
  m_Layer: 0
  m_Name: Step Audio Source
  m_TagString: Untagged
  m_Icon: {fileID: 0}
  m_NavMeshLayer: 0
  m_StaticEditorFlags: 0
  m_IsActive: 1
--- !u!4 &8947089736074568630
Transform:
  m_ObjectHideFlags: 0
  m_CorrespondingSourceObject: {fileID: 0}
  m_PrefabInstance: {fileID: 0}
  m_PrefabAsset: {fileID: 0}
  m_GameObject: {fileID: 7774328759973359431}
  m_LocalRotation: {x: 0, y: 0, z: 0, w: 1}
  m_LocalPosition: {x: 0, y: 0, z: 0}
  m_LocalScale: {x: 1, y: 1, z: 1}
  m_ConstrainProportionsScale: 0
  m_Children: []
  m_Father: {fileID: 1731924093092546021}
  m_RootOrder: 6
  m_LocalEulerAnglesHint: {x: 0, y: 0, z: 0}
--- !u!82 &6946110359101193037
AudioSource:
  m_ObjectHideFlags: 0
  m_CorrespondingSourceObject: {fileID: 0}
  m_PrefabInstance: {fileID: 0}
  m_PrefabAsset: {fileID: 0}
  m_GameObject: {fileID: 7774328759973359431}
  m_Enabled: 1
  serializedVersion: 4
  OutputAudioMixerGroup: {fileID: -3116111801234139392, guid: ee6695a3717281a47a652b46db5a9bf8,
    type: 2}
  m_audioClip: {fileID: 8300000, guid: 653940b3d45b5084ebce6bb49eba9000, type: 3}
  m_PlayOnAwake: 0
  m_Volume: 0.5
  m_Pitch: 1
  Loop: 0
  Mute: 0
  Spatialize: 0
  SpatializePostEffects: 0
  Priority: 128
  DopplerLevel: 1
  MinDistance: 1
  MaxDistance: 500
  Pan2D: 0
  rolloffMode: 0
  BypassEffects: 0
  BypassListenerEffects: 0
  BypassReverbZones: 0
  rolloffCustomCurve:
    serializedVersion: 2
    m_Curve:
    - serializedVersion: 3
      time: 0
      value: 1
      inSlope: 0
      outSlope: 0
      tangentMode: 0
      weightedMode: 0
      inWeight: 0.33333334
      outWeight: 0.33333334
    - serializedVersion: 3
      time: 1
      value: 0
      inSlope: 0
      outSlope: 0
      tangentMode: 0
      weightedMode: 0
      inWeight: 0.33333334
      outWeight: 0.33333334
    m_PreInfinity: 2
    m_PostInfinity: 2
    m_RotationOrder: 4
  panLevelCustomCurve:
    serializedVersion: 2
    m_Curve:
    - serializedVersion: 3
      time: 0
      value: 0
      inSlope: 0
      outSlope: 0
      tangentMode: 0
      weightedMode: 0
      inWeight: 0.33333334
      outWeight: 0.33333334
    m_PreInfinity: 2
    m_PostInfinity: 2
    m_RotationOrder: 4
  spreadCustomCurve:
    serializedVersion: 2
    m_Curve:
    - serializedVersion: 3
      time: 0
      value: 0
      inSlope: 0
      outSlope: 0
      tangentMode: 0
      weightedMode: 0
      inWeight: 0.33333334
      outWeight: 0.33333334
    m_PreInfinity: 2
    m_PostInfinity: 2
    m_RotationOrder: 4
  reverbZoneMixCustomCurve:
    serializedVersion: 2
    m_Curve:
    - serializedVersion: 3
      time: 0
      value: 1
      inSlope: 0
      outSlope: 0
      tangentMode: 0
      weightedMode: 0
      inWeight: 0.33333334
      outWeight: 0.33333334
    m_PreInfinity: 2
    m_PostInfinity: 2
    m_RotationOrder: 4
--- !u!1001 &2332306470006903661
PrefabInstance:
  m_ObjectHideFlags: 0
  serializedVersion: 2
  m_Modification:
    m_TransformParent: {fileID: 0}
    m_Modifications:
    - target: {fileID: 623150813728196135, guid: 57a7fcc8445f63542ad17c6297f481b9,
        type: 3}
      propertyPath: m_RootOrder
      value: 3
      objectReference: {fileID: 0}
    - target: {fileID: 623150814112471399, guid: 57a7fcc8445f63542ad17c6297f481b9,
        type: 3}
      propertyPath: m_RootOrder
      value: 6
      objectReference: {fileID: 0}
    - target: {fileID: 623150814890543157, guid: 57a7fcc8445f63542ad17c6297f481b9,
        type: 3}
      propertyPath: m_RootOrder
      value: 2
      objectReference: {fileID: 0}
    - target: {fileID: 623150814890543157, guid: 57a7fcc8445f63542ad17c6297f481b9,
        type: 3}
      propertyPath: m_LocalPosition.z
      value: 1.5
      objectReference: {fileID: 0}
    - target: {fileID: 623150815092121124, guid: 57a7fcc8445f63542ad17c6297f481b9,
        type: 3}
      propertyPath: m_RootOrder
      value: 0
      objectReference: {fileID: 0}
    - target: {fileID: 623150815092121124, guid: 57a7fcc8445f63542ad17c6297f481b9,
        type: 3}
      propertyPath: m_LocalPosition.y
      value: 1.652
      objectReference: {fileID: 0}
    - target: {fileID: 3868326098092834985, guid: 57a7fcc8445f63542ad17c6297f481b9,
        type: 3}
      propertyPath: m_Avatar
      value: 
      objectReference: {fileID: 9000000, guid: fbd1e83f5a569d345a06fc8fa0e0e7d5, type: 3}
    - target: {fileID: 3868326098092834985, guid: 57a7fcc8445f63542ad17c6297f481b9,
        type: 3}
      propertyPath: m_Enabled
      value: 1
      objectReference: {fileID: 0}
    - target: {fileID: 3868326098092834985, guid: 57a7fcc8445f63542ad17c6297f481b9,
        type: 3}
      propertyPath: m_Controller
      value: 
      objectReference: {fileID: 22100000, guid: 2c7a98fbd35ea1946827e53bf1b7bf0a,
        type: 2}
    - target: {fileID: 4059717616814757512, guid: 57a7fcc8445f63542ad17c6297f481b9,
        type: 3}
      propertyPath: m_RootOrder
      value: 0
      objectReference: {fileID: 0}
    - target: {fileID: 4059717616814757512, guid: 57a7fcc8445f63542ad17c6297f481b9,
        type: 3}
      propertyPath: m_LocalPosition.x
      value: 1.4724579
      objectReference: {fileID: 0}
    - target: {fileID: 4059717616814757512, guid: 57a7fcc8445f63542ad17c6297f481b9,
        type: 3}
      propertyPath: m_LocalPosition.y
      value: 0
      objectReference: {fileID: 0}
    - target: {fileID: 4059717616814757512, guid: 57a7fcc8445f63542ad17c6297f481b9,
        type: 3}
      propertyPath: m_LocalPosition.z
      value: -15.286964
      objectReference: {fileID: 0}
    - target: {fileID: 4059717616814757512, guid: 57a7fcc8445f63542ad17c6297f481b9,
        type: 3}
      propertyPath: m_LocalRotation.w
      value: 0
      objectReference: {fileID: 0}
    - target: {fileID: 4059717616814757512, guid: 57a7fcc8445f63542ad17c6297f481b9,
        type: 3}
      propertyPath: m_LocalRotation.x
      value: -0
      objectReference: {fileID: 0}
    - target: {fileID: 4059717616814757512, guid: 57a7fcc8445f63542ad17c6297f481b9,
        type: 3}
      propertyPath: m_LocalRotation.y
      value: 1
      objectReference: {fileID: 0}
    - target: {fileID: 4059717616814757512, guid: 57a7fcc8445f63542ad17c6297f481b9,
        type: 3}
      propertyPath: m_LocalRotation.z
      value: -0
      objectReference: {fileID: 0}
    - target: {fileID: 4059717616814757512, guid: 57a7fcc8445f63542ad17c6297f481b9,
        type: 3}
      propertyPath: m_LocalEulerAnglesHint.x
      value: 0
      objectReference: {fileID: 0}
    - target: {fileID: 4059717616814757512, guid: 57a7fcc8445f63542ad17c6297f481b9,
        type: 3}
      propertyPath: m_LocalEulerAnglesHint.y
      value: 180
      objectReference: {fileID: 0}
    - target: {fileID: 4059717616814757512, guid: 57a7fcc8445f63542ad17c6297f481b9,
        type: 3}
      propertyPath: m_LocalEulerAnglesHint.z
      value: 0
      objectReference: {fileID: 0}
    - target: {fileID: 4059717616814757515, guid: 57a7fcc8445f63542ad17c6297f481b9,
        type: 3}
      propertyPath: defaultMovementBehaviour
      value: 
      objectReference: {fileID: 0}
    - target: {fileID: 4059717616814757516, guid: 57a7fcc8445f63542ad17c6297f481b9,
        type: 3}
      propertyPath: m_Name
      value: Player_V Variant
      objectReference: {fileID: 0}
    - target: {fileID: 4059717616814757516, guid: 57a7fcc8445f63542ad17c6297f481b9,
        type: 3}
      propertyPath: m_TagString
      value: Player
      objectReference: {fileID: 0}
    - target: {fileID: 4789261475536079237, guid: 57a7fcc8445f63542ad17c6297f481b9,
        type: 3}
      propertyPath: m_RootOrder
      value: 4
      objectReference: {fileID: 0}
    - target: {fileID: 6638955650071466396, guid: 57a7fcc8445f63542ad17c6297f481b9,
        type: 3}
      propertyPath: m_Height
      value: 1.8
      objectReference: {fileID: 0}
    - target: {fileID: 6638955650071466396, guid: 57a7fcc8445f63542ad17c6297f481b9,
        type: 3}
      propertyPath: m_Radius
      value: 0.35
      objectReference: {fileID: 0}
    - target: {fileID: 6638955650071466396, guid: 57a7fcc8445f63542ad17c6297f481b9,
        type: 3}
      propertyPath: m_Center.y
      value: 1
      objectReference: {fileID: 0}
    - target: {fileID: 6989288902420054789, guid: 57a7fcc8445f63542ad17c6297f481b9,
        type: 3}
      propertyPath: m_IsActive
      value: 0
      objectReference: {fileID: 0}
    - target: {fileID: 7212403791484602596, guid: 57a7fcc8445f63542ad17c6297f481b9,
        type: 3}
      propertyPath: m_RootOrder
      value: 1
      objectReference: {fileID: 0}
    - target: {fileID: 8664224905052278933, guid: 57a7fcc8445f63542ad17c6297f481b9,
        type: 3}
      propertyPath: m_RootOrder
      value: 8
      objectReference: {fileID: 0}
    - target: {fileID: 8973914364925663965, guid: 57a7fcc8445f63542ad17c6297f481b9,
        type: 3}
      propertyPath: actorName
      value: "\u0412\u0438"
      objectReference: {fileID: 0}
    - target: {fileID: 8973914364925663965, guid: 57a7fcc8445f63542ad17c6297f481b9,
        type: 3}
      propertyPath: dialogueFileName
      value: 
      objectReference: {fileID: 0}
    m_RemovedComponents:
    - {fileID: 623150813728196152, guid: 57a7fcc8445f63542ad17c6297f481b9, type: 3}
  m_SourcePrefab: {fileID: 100100000, guid: 57a7fcc8445f63542ad17c6297f481b9, type: 3}
--- !u!1 &1731924093092546017 stripped
GameObject:
  m_CorrespondingSourceObject: {fileID: 4059717616814757516, guid: 57a7fcc8445f63542ad17c6297f481b9,
    type: 3}
  m_PrefabInstance: {fileID: 2332306470006903661}
  m_PrefabAsset: {fileID: 0}
--- !u!114 &7171548818521017889
MonoBehaviour:
  m_ObjectHideFlags: 0
  m_CorrespondingSourceObject: {fileID: 0}
  m_PrefabInstance: {fileID: 0}
  m_PrefabAsset: {fileID: 0}
  m_GameObject: {fileID: 1731924093092546017}
  m_Enabled: 1
  m_EditorHideFlags: 0
  m_Script: {fileID: 11500000, guid: d97a0d92413637c4fb6c76557ae6325b, type: 3}
  m_Name: 
  m_EditorClassIdentifier: 
  stepSound: {fileID: 6946110359101193037}
--- !u!4 &1731924093092546021 stripped
Transform:
  m_CorrespondingSourceObject: {fileID: 4059717616814757512, guid: 57a7fcc8445f63542ad17c6297f481b9,
    type: 3}
  m_PrefabInstance: {fileID: 2332306470006903661}
  m_PrefabAsset: {fileID: 0}
--- !u!1001 &2413485253939068126
PrefabInstance:
  m_ObjectHideFlags: 0
  serializedVersion: 2
  m_Modification:
    m_TransformParent: {fileID: 1731924093092546021}
    m_Modifications:
    - target: {fileID: -8679921383154817045, guid: fbd1e83f5a569d345a06fc8fa0e0e7d5,
        type: 3}
      propertyPath: m_RootOrder
      value: 5
      objectReference: {fileID: 0}
    - target: {fileID: -8679921383154817045, guid: fbd1e83f5a569d345a06fc8fa0e0e7d5,
        type: 3}
      propertyPath: m_LocalPosition.x
      value: 0
      objectReference: {fileID: 0}
    - target: {fileID: -8679921383154817045, guid: fbd1e83f5a569d345a06fc8fa0e0e7d5,
        type: 3}
      propertyPath: m_LocalPosition.y
      value: 0.029
      objectReference: {fileID: 0}
    - target: {fileID: -8679921383154817045, guid: fbd1e83f5a569d345a06fc8fa0e0e7d5,
        type: 3}
      propertyPath: m_LocalPosition.z
      value: 0
      objectReference: {fileID: 0}
    - target: {fileID: -8679921383154817045, guid: fbd1e83f5a569d345a06fc8fa0e0e7d5,
        type: 3}
      propertyPath: m_LocalRotation.w
      value: 1
      objectReference: {fileID: 0}
    - target: {fileID: -8679921383154817045, guid: fbd1e83f5a569d345a06fc8fa0e0e7d5,
        type: 3}
      propertyPath: m_LocalRotation.x
      value: 0
      objectReference: {fileID: 0}
    - target: {fileID: -8679921383154817045, guid: fbd1e83f5a569d345a06fc8fa0e0e7d5,
        type: 3}
      propertyPath: m_LocalRotation.y
      value: 0
      objectReference: {fileID: 0}
    - target: {fileID: -8679921383154817045, guid: fbd1e83f5a569d345a06fc8fa0e0e7d5,
        type: 3}
      propertyPath: m_LocalRotation.z
      value: 0
      objectReference: {fileID: 0}
    - target: {fileID: -8679921383154817045, guid: fbd1e83f5a569d345a06fc8fa0e0e7d5,
        type: 3}
      propertyPath: m_LocalEulerAnglesHint.x
      value: 0
      objectReference: {fileID: 0}
    - target: {fileID: -8679921383154817045, guid: fbd1e83f5a569d345a06fc8fa0e0e7d5,
        type: 3}
      propertyPath: m_LocalEulerAnglesHint.y
      value: 0
      objectReference: {fileID: 0}
    - target: {fileID: -8679921383154817045, guid: fbd1e83f5a569d345a06fc8fa0e0e7d5,
        type: 3}
      propertyPath: m_LocalEulerAnglesHint.z
      value: 0
      objectReference: {fileID: 0}
    - target: {fileID: -7027714280614986722, guid: fbd1e83f5a569d345a06fc8fa0e0e7d5,
        type: 3}
      propertyPath: m_IsActive
      value: 1
      objectReference: {fileID: 0}
    - target: {fileID: -1797284182610154905, guid: fbd1e83f5a569d345a06fc8fa0e0e7d5,
        type: 3}
      propertyPath: m_IsActive
      value: 1
      objectReference: {fileID: 0}
    - target: {fileID: -306534188116344641, guid: fbd1e83f5a569d345a06fc8fa0e0e7d5,
        type: 3}
      propertyPath: m_IsActive
      value: 1
      objectReference: {fileID: 0}
    - target: {fileID: 919132149155446097, guid: fbd1e83f5a569d345a06fc8fa0e0e7d5,
        type: 3}
      propertyPath: m_Name
      value: FemV_fixed
      objectReference: {fileID: 0}
    - target: {fileID: 919132149155446097, guid: fbd1e83f5a569d345a06fc8fa0e0e7d5,
        type: 3}
      propertyPath: m_IsActive
      value: 1
      objectReference: {fileID: 0}
    - target: {fileID: 5866666021909216657, guid: fbd1e83f5a569d345a06fc8fa0e0e7d5,
        type: 3}
      propertyPath: m_Enabled
      value: 0
      objectReference: {fileID: 0}
    - target: {fileID: 5866666021909216657, guid: fbd1e83f5a569d345a06fc8fa0e0e7d5,
        type: 3}
      propertyPath: m_Controller
      value: 
      objectReference: {fileID: 22100000, guid: 2c7a98fbd35ea1946827e53bf1b7bf0a,
        type: 2}
    - target: {fileID: 5866666021909216657, guid: fbd1e83f5a569d345a06fc8fa0e0e7d5,
        type: 3}
      propertyPath: m_ApplyRootMotion
      value: 1
      objectReference: {fileID: 0}
    m_RemovedComponents: []
  m_SourcePrefab: {fileID: 100100000, guid: fbd1e83f5a569d345a06fc8fa0e0e7d5, type: 3}
